%% This BibTeX bibliography file was created using BibDesk.
%% http://bibdesk.sourceforge.net/


%% Created for Andrew Ferguson at 2014-01-31 18:49:16 -0500 


%% Saved with string encoding Unicode (UTF-8) 


@string{sigcomm = {Proc. ACM Sigcomm}}
@string{nsdi = {Proc. NSDI}}


@inproceedings{Applegate:2007compressing,
	Author = {Applegate, David A. and Calinescu, Gruia and Johnson, David S. and Karloff, Howard and Ligett, Katrina and Wang, Jia},
	Booktitle = {Proc. ACM-SIAM SODA},
	Date-Added = {2014-01-31 23:48:46 +0000},
	Date-Modified = {2014-01-31 23:49:15 +0000},
	Title = {Compressing Rectilinear Pictures and Minimizing Access Control Lists},
	Url = {http://dl.acm.org/citation.cfm?id=1283383.1283498},
	Year = {2007},
	Bdsk-Url-1 = {http://dl.acm.org/citation.cfm?id=1283383.1283498}}

@techreport{Kim:2013pyresonanceTR,
	Author = {Hyojoon Kim and Arpit Gupta and Muhammad Shahbaz and Joshua Reich and Nick Feamster and Russ Clark},
	Date-Added = {2014-01-31 21:22:34 +0000},
	Date-Modified = {2014-01-31 21:23:31 +0000},
	Institution = {Georgia Tech},
	Number = {GT-CS-13-04},
	Title = {{Simpler Network Configuration with State-Based Network Policies}},
	Year = {2013}}

@inproceedings{Kanizo:2013palette,
	Author = {Yossi Kanizo and David Hay and Isaac Keslassy},
	Booktitle = {Proc. IEEE INFOCOM},
	Date-Added = {2014-01-29 20:30:07 +0000},
	Date-Modified = {2014-01-29 20:30:48 +0000},
	Title = {{Palette: Distributing Tables in Software-Defined Networks}},
	Year = {2013}}

@inproceedings{Kang:2013optimizing,
	Acmid = {2535373},
	Author = {Kang, Nanxi and Liu, Zhenming and Rexford, Jennifer and Walker, David},
	Booktitle = {Proc. CoNEXT},
	Date-Added = {2014-01-29 20:17:02 +0000},
	Date-Modified = {2014-01-30 02:24:38 +0000},
	Doi = {10.1145/2535372.2535373},
	Isbn = {978-1-4503-2101-3},
	Keywords = {network virtualization, software-defined networks},
	Location = {Santa Barbara, California, USA},
	Longbooktitle = {Proceedings of the Ninth ACM Conference on Emerging Networking Experiments and Technologies},
	Numpages = {12},
	Title = {{Optimizing the "One Big Switch" Abstraction in Software-defined Networks}},
	Url = {http://doi.acm.org/10.1145/2535372.2535373},
	Xaddress = {New York, NY, USA},
	Xpages = {13--24},
	Xpublisher = {ACM},
	Year = {2013},
	Bdsk-Url-1 = {http://doi.acm.org/10.1145/2535372.2535373},
	Bdsk-Url-2 = {http://dx.doi.org/10.1145/2535372.2535373}}

@inproceedings{Rotsos:2012oflops,
	Author = {Rotsos, Charalampos and Sarrar, Nadi and Uhlig, Steve and Sherwood, Rob and Moore, AndrewW.},
	Booktitle = {Proc. PAM},
	Date-Added = {2014-01-29 03:34:25 +0000},
	Date-Modified = {2014-01-30 02:17:29 +0000},
	Doi = {10.1007/978-3-642-28537-0_9},
	Isbn = {978-3-642-28536-3},
	Title = {{OFLOPS: An Open Framework for OpenFlow Switch Evaluation}},
	Url = {http://dx.doi.org/10.1007/978-3-642-28537-0_9},
	Year = {2012},
	Bdsk-Url-1 = {http://dx.doi.org/10.1007/978-3-642-28537-0_9}}

@inproceedings{Curtis:2011devoflow,
	Acmid = {2018466},
	Author = {Curtis, Andrew R. and Mogul, Jeffrey C. and Tourrilhes, Jean and Yalagandula, Praveen and Sharma, Puneet and Banerjee, Sujata},
	Booktitle = sigcomm,
	Date-Added = {2014-01-29 03:29:47 +0000},
	Date-Modified = {2014-01-30 02:27:20 +0000},
	Doi = {http://doi.acm.org/10.1145/2018436.2018466},
	Isbn = {978-1-4503-0797-0},
	Keywords = {data center, flow-based networking, switch design},
	Location = {Toronto, Ontario, Canada},
	Numpages = {12},
	Title = {DevoFlow: scaling flow management for high-performance networks},
	Url = {http://doi.acm.org/10.1145/2018436.2018466},
	Xaddress = {Toronto, Canada},
	Year = {2011},
	Bdsk-Url-1 = {http://doi.acm.org/10.1145/2018436.2018466}}

@misc{Shenker:2011talk,
	Author = {Scott Shenker},
	Date-Added = {2014-01-29 03:28:18 +0000},
	Date-Modified = {2014-01-30 02:18:46 +0000},
	Howpublished = {{Talk at Open Networking Summit}},
	Month = {Oct.},
	Title = {The future of networking and the past of protocols},
	Year = {2011}}

@inproceedings{Casado:2010virtualizing,
	Acmid = {1921162},
	Articleno = {8},
	Author = {Casado, Mart\'{\i}n and Koponen, Teemu and Ramanathan, Rajiv and Shenker, Scott},
	Booktitle = {Proc. PRESTO},
	Date-Added = {2014-01-29 03:27:49 +0000},
	Date-Modified = {2014-01-30 02:24:16 +0000},
	Doi = {10.1145/1921151.1921162},
	Isbn = {978-1-4503-0467-2},
	Location = {Philadelphia, Pennsylvania},
	Longbooktitle = {Proceedings of the Workshop on Programmable Routers for Extensible Services of Tomorrow},
	Numpages = {6},
	Title = {{Virtualizing the Network Forwarding Plane}},
	Url = {http://doi.acm.org/10.1145/1921151.1921162},
	Xaddress = {New York, NY, USA},
	Xpublisher = {ACM},
	Year = {2010},
	Bdsk-Url-1 = {http://doi.acm.org/10.1145/1921151.1921162},
	Bdsk-Url-2 = {http://dx.doi.org/10.1145/1921151.1921162}}

@misc{protobufs,
	Date-Added = {2014-01-29 03:10:46 +0000},
	Date-Modified = {2014-01-30 02:24:52 +0000},
	Howpublished = {\url{https://code.google.com/p/protobuf/}},
	Key = {protobufs},
	Title = {{Google Protocol Buffers}}}

@article{Bosshart:2013ppipp-arxiv,
	Author = {Pat Bosshart and Dan Daly and Martin Izzard and Nick McKeown and Jennifer Rexford and Dan Talayco and Amin Vahdat and George Varghese and David Walker},
	Date-Added = {2014-01-29 03:06:39 +0000},
	Date-Modified = {2014-01-29 03:08:42 +0000},
	Ee = {http://http://arxiv.org/abs/1312.1719},
	Journal = {arXiv:1312.1719 [cs.NI]},
	Title = {{Programming Protocol-Independent Packet Processors}},
	Year = {2013}}

@misc{floodlight,
	Date-Added = {2014-01-29 03:00:19 +0000},
	Date-Modified = {2014-01-29 03:00:41 +0000},
	Howpublished = {\url{http://www.projectfloodlight.org/floodlight/}},
	Key = {floodlight},
	Title = {Floodlight}}

@misc{pox,
	Date-Added = {2014-01-29 02:57:17 +0000},
	Date-Modified = {2014-01-29 03:00:16 +0000},
	Howpublished = {\url{http://www.noxrepo.org/pox/about-pox/}},
	Key = {pox},
	Title = {Pox}}

@inproceedings{Rothenberg:2012routeflow,
	Acmid = {2342445},
	Author = {Rothenberg, Christian Esteve and Nascimento, Marcelo Ribeiro and Salvador, Marcos Rogerio and Corr\^{e}a, Carlos Nilton Araujo and Cunha de Lucena, Sidney and Raszuk, Robert},
	Booktitle = {Proc. HotSDN},
	Date-Added = {2014-01-29 02:54:41 +0000},
	Date-Modified = {2014-01-30 02:25:04 +0000},
	Doi = {10.1145/2342441.2342445},
	Isbn = {978-1-4503-1477-0},
	Keywords = {bgp, openflow, routing architecture, sdn, virtualization},
	Location = {Helsinki, Finland},
	Longbooktitle = {Proceedings of the First Workshop on Hot Topics in Software Defined Networks},
	Numpages = {6},
	Title = {{Revisiting Routing Control Platforms with the Eyes and Muscles of Software-defined Networking}},
	Url = {http://doi.acm.org/10.1145/2342441.2342445},
	Xaddress = {New York, NY, USA},
	Xpublisher = {ACM},
	Year = {2012},
	Bdsk-Url-1 = {http://doi.acm.org/10.1145/2342441.2342445},
	Bdsk-Url-2 = {http://dx.doi.org/10.1145/2342441.2342445}}

@misc{rfc1812,
	Author = {F. Baker},
	Date-Added = {2014-01-29 02:51:03 +0000},
	Date-Modified = {2014-01-29 02:51:03 +0000},
	Howpublished = {RFC 1812},
	Month = jun,
	Number = {1812},
	Organization = {Internet Engineering Task Force},
	Publisher = {IETF},
	Series = {Request for Comments},
	Title = {{Requirements for IP Version 4 Routers}},
	Url = {http://www.ietf.org/rfc/rfc1812.txt},
	Year = 1995,
	Bdsk-Url-1 = {http://www.ietf.org/rfc/rfc1812.txt}}

@misc{rfc3022,
	Author = {P. Srisuresh and K. Egevang},
	Date-Added = {2014-01-29 02:47:28 +0000},
	Date-Modified = {2014-01-29 02:52:05 +0000},
	Howpublished = {RFC 3022},
	Month = jan,
	Number = {3022},
	Organization = {Internet Engineering Task Force},
	Publisher = {IETF},
	Series = {Request for Comments},
	Title = {{Traditional IP Network Address Translator (Traditional NAT)}},
	Url = {http://www.ietf.org/rfc/rfc3022.txt},
	Year = 2001,
	Bdsk-Url-1 = {http://www.ietf.org/rfc/rfc3022.txt}}

@inproceedings{Casado:hotsdn2012-fabric,
	Acmid = {2342459},
	Author = {Casado, Martin and Koponen, Teemu and Shenker, Scott and Tootoonchian, Amin},
	Booktitle = {Proc. HotSDN},
	Date-Added = {2014-01-29 02:10:05 +0000},
	Date-Modified = {2014-01-30 02:24:22 +0000},
	Doi = {10.1145/2342441.2342459},
	Isbn = {978-1-4503-1477-0},
	Keywords = {network architecture},
	Location = {Helsinki, Finland},
	Longbooktitle = {Proceedings of the First Workshop on Hot Topics in Software Defined Networks},
	Numpages = {6},
	Title = {{Fabric: A Retrospective on Evolving SDN}},
	Url = {http://doi.acm.org/10.1145/2342441.2342459},
	Xaddress = {New York, NY, USA},
	Xpublisher = {ACM},
	Year = {2012},
	Bdsk-Url-1 = {http://doi.acm.org/10.1145/2342441.2342459},
	Bdsk-Url-2 = {http://dx.doi.org/10.1145/2342441.2342459}}

@inproceedings{Ferguson:2013sigcomm,
	Author = {Ferguson, Andrew and Guha, Arjun and Liang, Chen and Fonseca, Rodrigo and Krishnamurthi, Shriram},
	Booktitle = sigcomm,
	Date-Added = {2014-01-29 02:07:29 +0000},
	Date-Modified = {2014-01-30 02:21:52 +0000},
	Title = {{Participatory Networking: An API for Application Control of SDNs}},
	Year = {2013}}

@inproceedings{Voellmy:2013,
	Acmid = {2486030},
	Author = {Voellmy, Andreas and Wang, Junchang and Yang, Y Richard and Ford, Bryan and Hudak, Paul},
	Booktitle = sigcomm,
	Date-Added = {2014-01-29 01:48:12 +0000},
	Date-Modified = {2014-01-30 02:25:21 +0000},
	Doi = {10.1145/2486001.2486030},
	Isbn = {978-1-4503-2056-6},
	Keywords = {algorithmic policies, openflow, software-defined networking},
	Location = {Hong Kong, China},
	Longbooktitle = {Proceedings of the ACM SIGCOMM 2013 Conference on SIGCOMM},
	Numpages = {12},
	Title = {{Maple: Simplifying SDN Programming Using Algorithmic Policies}},
	Url = {http://doi.acm.org/10.1145/2486001.2486030},
	Xaddress = {New York, NY, USA},
	Xpages = {87--98},
	Xpublisher = {ACM},
	Year = {2013},
	Bdsk-Url-1 = {http://doi.acm.org/10.1145/2486001.2486030},
	Bdsk-Url-2 = {http://dx.doi.org/10.1145/2486001.2486030}}

@article{sung11systematic,
	Author = {Sung, Y.E. and Xin Sun and Rao, S.G. and Xie, G.G. and Maltz, D.A.},
	Date-Modified = {2014-01-30 02:25:13 +0000},
	Journal = {Networking, IEEE/ACM Transactions on},
	Number = {3},
	Pages = {695-708},
	Title = {{Towards Systematic Design of Enterprise Networks}},
	Volume = {19},
	Year = {2011}}

@inproceedings{casado06sane,
	Author = {Casado, Martin and Garfinkel, Tal and Akella, Aditya and Freedman, Michael J. and Boneh, Dan and McKeown, Nick and Shenker, Scott},
	Booktitle = {Proc. USENIX-SS},
	Date-Modified = {2014-01-30 02:24:27 +0000},
	Longbooktitle = {Proceedings of the 15th Conference on USENIX Security Symposium - Volume 15},
	Title = {{SANE: A Protection Architecture for Enterprise Networks}},
	Xaddress = {Berkeley, CA, USA},
	Xpublisher = {USENIX Association},
	Year = {2006}}

@inproceedings{Casado07Ethane,
	Author = {Casado, Martin and Freedman, Michael J. and Pettit, Justin and Luo, Jianying and McKeown, Nick and Shenker, Scott},
	Booktitle = sigcomm,
	Date-Modified = {2014-01-30 02:26:24 +0000},
	Longbooktitle = {Proceedings of the 2007 conference on Applications, technologies, architectures, and protocols for computer communications},
	Title = {{Ethane: Taking Control of the Enterprise}},
	Xaddress = {New York, NY, USA},
	Xpages = {1--12},
	Xpublisher = {ACM},
	Year = {2007}}

@article{yu11vpn,
	Author = {Minlan Yu and Xin Sun and Nick Feamster and Sanjay Rao and Jennifer Rexford},
	Date-Modified = {2014-01-30 02:25:27 +0000},
	Journal = {Network \& Service Management Series, IEEE Communications Magazine},
	Month = {July},
	Title = {{A Survey of virtual LAN usage in campus networks}},
	Year = {2011}}

@inproceedings{benson09unraveling,
	Author = {Benson, Theophilus and Akella, Aditya and Maltz, David},
	Booktitle = {Proc. NSDI},
	Date-Modified = {2014-01-30 02:24:00 +0000},
	Longbooktitle = {Proceedings of the 6th USENIX Symposium on Networked Systems Design and Implementation},
	Title = {{Unraveling the Complexity of Network Management}},
	Xaddress = {Berkeley, CA, USA},
	Xpublisher = {USENIX Association},
	Year = {2009}}

@inproceedings{kim11evolution,
	Author = {Kim, Hyojoon and Benson, Theophilus and Akella, Aditya and Feamster, Nick},
	Booktitle = {Proc. IMC},
	Date-Modified = {2014-01-30 02:24:45 +0000},
	Longbooktitle = {Proceedings of the 2011 ACM SIGCOMM Conference on Internet Measurement Conference},
	Title = {{The Evolution of Network Configuration: A Tale of Two Campuses}},
	Xaddress = {New York, NY, USA},
	Xpublisher = {ACM},
	Year = {2011}}

@inproceedings{benson09mining,
	Author = {Benson, Theophilus and Akella, Aditya and Maltz, David A.},
	Booktitle = {Proc. IMC},
	Date-Modified = {2014-01-30 02:23:54 +0000},
	Longbooktitle = {Proceedings of the 9th ACM SIGCOMM Conference on Internet Measurement Conference},
	Title = {{Mining Policies from Enterprise Network Configuration}},
	Xaddress = {New York, NY, USA},
	Xpublisher = {ACM},
	Year = {2009}}

@techreport{levin13panopticonTR,
	Author = {Levin, Dan and Canini, Marco and Schmid, Stefan and Feldmann, Anja},
	Institution = {TU Berlin / T-Labs},
	Month = {May},
	Title = {{Panopticon: Reaping the Benefits of Partial SDN Deployment in Enterprise Networks}},
	Year = {2013}}

@inproceedings{zeng12test,
	Author = {Zeng, Hongyi and Kazemian, Peyman and Varghese, George and McKeown, Nick},
	Booktitle = {Proc. CoNEXT},
	Date-Modified = {2014-01-30 02:31:46 +0000},
	Doi = {10.1145/2413176.2413205},
	Isbn = {978-1-4503-1775-7},
	Keywords = {data plane analysis, network troubleshooting, test packet generation},
	Location = {Nice, France},
	Numpages = {12},
	Title = {{Automatic Test Packet Generation}},
	Url = {http://doi.acm.org/10.1145/2413176.2413205},
	Xaddress = {New York, NY, USA},
	Xpublisher = {ACM},
	Year = {2012},
	Bdsk-Url-1 = {http://doi.acm.org/10.1145/2413176.2413205},
	Bdsk-Url-2 = {http://dx.doi.org/10.1145/2413176.2413205}}

@article{zhang++:icnp2012-firewalls,
	Author = {Shuyuan Zhang and Abdulrahman Mahmoud and Sharad Malik and Sanjai Narain},
	Date-Modified = {2014-01-30 02:32:12 +0000},
	Journal = {IEEE International Conference on Network Protocols (ICNP)},
	Title = {{Verification and Synthesis of Firewalls using {SAT} and {QBF}}},
	Year = {2012}}

@inproceedings{capretta++:fmse07-firewalls,
	Author = {Capretta, Venanzio and Stepien, Bernard and Felty, Amy and Matwin, Stan},
	Booktitle = {Proc. Workshop on Formal Methods in Security Engineering},
	Date-Modified = {2014-01-30 02:24:09 +0000},
	Title = {{Formal Correctness of Conflict Detection for Firewalls}},
	Year = {2007}}

@inproceedings{nascimento11routeflow,
	Acmid = {2002405},
	Author = {Nascimento, Marcelo R. and Rothenberg, Christian E. and Salvador, Marcos R. and Corr\^{e}a, Carlos N. A. and de Lucena, Sidney C. and Magalh\~{a}es, Maur\'{\i}cio F.},
	Booktitle = {Proc. ACM CFI},
	Doi = {10.1145/2002396.2002405},
	Isbn = {978-1-4503-0821-2},
	Longbooktitle = {Proceedings of the 6th International Conference on Future Internet Technologies},
	Title = {Virtual Routers As a Service: The RouteFlow Approach Leveraging Software-defined Networks},
	Url = {http://doi.acm.org/10.1145/2002396.2002405},
	Xaddress = {New York, NY, USA},
	Xlocation = {Seoul, Republic of Korea},
	Xnumpages = {4},
	Xpages = {34--37},
	Xpublisher = {ACM},
	Year = {2011},
	Bdsk-Url-1 = {http://doi.acm.org/10.1145/2002396.2002405},
	Bdsk-Url-2 = {http://dx.doi.org/10.1145/2002396.2002405}}


