%% This BibTeX bibliography file was created using BibDesk.
%% http://bibdesk.sourceforge.net/


%% Created for Andrew Ferguson at 2013-01-22 18:18:35 -0500 


%% Saved with string encoding Unicode (UTF-8) 

@inproceedings{HSA,
	XAddress = {Lombard, IL},
	Author = {Kazemian, Peyman and Chang, Michael and Zeng, Hongyi and Varghese, George and McKeown, Nick and Whyte, Scott},
	Booktitle = {NSDI '13},
	Title = {{Real Time Network Policy Checking User Header Space Analysis}},
	XYear = {2013}}

@inproceedings{VeriFlow,
	XAddress = {Lombard, IL},
	Author = {Khurshid, Ahmed and Zou, Xuan and Zhou, Wenxuan and Caesar, Matthew and Godfrey, P. Brighten},
	Booktitle = {NSDI '13},
	Title = {{VeriFlow: Verifying Network-Wide Invariants in Real Time}},
	XYear = {2013}}

@inproceedings{Zaharia:2010,
	Acmid = {1755940},
	XAddress = {Paris, France},
	Author = {Zaharia, Matei and Borthakur, Dhruba and Sen Sarma, Joydeep and Elmeleegy, Khaled and Shenker, Scott and Stoica, Ion},
	Booktitle = {EuroSys '10},
	Date-Added = {2013-01-22 23:18:34 +0000},
	Date-Modified = {2013-01-22 23:18:34 +0000},
	Keywords = {cluster computing, fair sharing, mapreduce, scheduling},
	Numpages = {14},
	Title = {{Delay Scheduling: A Simple Technique for Achieving Locality and Fairness in Cluster Scheduling}},
	XYear = {2010},
	Bdsk-Url-1 = {http://doi.acm.org/10.1145/1755913.1755940}}

@article{SkypeTraffic,
	Author = {Dario Bonfiglio and Marco Mellia and Michela Meo and Dario Rossi},
	Bibsource = {DBLP, http://dblp.uni-trier.de},
	Date-Added = {2013-01-17 17:40:28 +0000},
	Date-Modified = {2013-01-17 17:40:33 +0000},
	Ee = {http://dx.doi.org/10.1109/TMM.2008.2008927},
	Journal = {IEEE Trans. on Multimedia},
	Number = {1},
	Pages = {117-127},
	Title = {{Detailed Analysis of Skype Traffic}},
	Volume = {11},
	Year = {2009}}

@inproceedings{Wang:2012,
	XAddress = {Helsinki, Finland},
	Author = {Guohui Wang and T. S. Eugene Ng and Anees Shaikh},
	Booktitle = {HotSDN '12},
	Date-Added = {2013-01-15 02:28:07 +0000},
	Date-Modified = {2013-01-15 02:29:53 +0000},
	Title = {{Programming Your Network at Run-time for Big Data Applications}},
	XYear = {2012}}

@inproceedings{Benson2011cloudnaas,
	XAddress = {Cascais, Portugal},
	Author = {Theophilus Benson and Aditya Akella and Anees Shaikh and Sambit Sahu},
	Booktitle = {SOCC '11},
	Date-Added = {2013-01-15 02:24:33 +0000},
	Date-Modified = {2013-01-15 02:25:02 +0000},
	Title = {{CloudNaaS: A Cloud Networking Platform for Enterprise Applications}},
	XYear = {2011}}

@inproceedings{Benson2011microte,
	XAddress = {Tokyo, Japan},
	Author = {Theophilus Benson and Ashok Anand and Aditya Akella and Ming Zhang},
	Booktitle = {CoNEXT '11},
	Date-Added = {2013-01-15 02:22:37 +0000},
	Date-Modified = {2013-01-15 02:23:27 +0000},
	Title = {{MicroTE: Fine Grained Traffic Engineering for Data Centers}},
	XYear = {2011}}

@inproceedings{Raghavan:2007,
	XAddress = {Kyoto, Japan},
	Author = {Barath Raghavan and Kashi Venkatesh Vishwanath and Sriram Ramabhadran and Ken Yocum and Alex C. Snoeren},
	Booktitle = {SIGCOMM '07},
	Date-Added = {2013-01-15 02:19:17 +0000},
	Date-Modified = {2013-01-15 02:20:32 +0000},
	Title = {{Cloud Control with Distributed Rate Limiting}},
	XYear = {2007}}

@inproceedings{ActiveNetworking,
	Author = {David L. Tennenhouse and Jonathan M. Smith and W. David Sincoskie and David Wetherall and Gary Minden},
	Booktitle = {IEEE Communications Magazine},
	Date-Added = {2013-01-15 02:14:03 +0000},
	Date-Modified = {2013-01-15 02:17:34 +0000},
	Month = {January},
	Title = {{A Survey of Active Network Research}},
	Year = {1997}}

@inproceedings{Darwin,
	XAddress = {Austin, TX},
	Author = {Prashant Chandra and Allan Fisher and Corey Kosak and T. S. Eugene Ng and Peter Steenkiste and Eduardo Takashi and Hui Zhang},
	Booktitle = {IEEE ICNP '98},
	Date-Added = {2013-01-15 02:09:16 +0000},
	Date-Modified = {2013-01-15 02:30:48 +0000},
	Title = {{Darwin: Resource Management for Value-added Customizable Network Service}},
	XYear = {1998},
	Bdsk-Url-1 = {http://doi.acm.org/10.1145/1851182.1851223}}

@inproceedings{Tesseract,
	XAddress = {Cambridge, MA},
	Author = {Yan, Hong and Maltz, David A. and Ng, T. S. Eugene and Gogineni, Hemant and Zhang, Hui and Cai, Zheng},
	Booktitle = {NSDI '07},
	Date-Added = {2013-01-15 02:05:34 +0000},
	Date-Modified = {2013-01-15 02:06:27 +0000},
	Title = {{Tesseract: A 4D Network Control Plane}},
	XYear = {2011}}

@inproceedings{Yap:2009,
	XAddress = {New Delhi, India},
	Author = {{Yap, Kok-Kiong and Huang, Te-Yuan and Dodson, Ben and Lam, Monica S. and McKeown, Nick}},
	Booktitle = {APSys '10},
	Date-Added = {2013-01-15 02:02:20 +0000},
	Date-Modified = {2013-01-15 02:03:24 +0000},
	Title = {{Towards Software-Friendly Networks}},
	XYear = {2010}}

@inproceedings{Coolaid,
	XAddress = {Philadelphia, PA},
	Author = {Xu Chen and Yun Mao and Z. Morley Mao and Van der Merwe, Jacobus},
	Booktitle = {CoNEXT '10},
	Date-Added = {2013-01-15 01:59:51 +0000},
	Date-Modified = {2013-01-15 02:00:57 +0000},
	Title = {{Declarative Configuration Management for Complex and Dynamic Networks}},
	XYear = {2010}}

@inproceedings{Mininet,
	XAddress = {Monterey, CA},
	Author = {Bob Lantz and Brandon Heller and Nick McKeown},
	Booktitle = {HotNets '10},
	Date-Added = {2013-01-15 01:55:21 +0000},
	Date-Modified = {2013-01-15 01:55:55 +0000},
	Title = {{A Network in a Laptop: Rapid Prototyping for Software-Defined Networks}},
	XYear = {2010}}

@article{Schneider:2011,
	Acmid = {1952990},
	XAddress = {New York, NY, USA},
	Articleno = {8},
	Author = {Schneider, Fred B. and Walsh, Kevin and Sirer, Emin G\"{u}n},
	Date-Added = {2013-01-15 01:50:24 +0000},
	Date-Modified = {2013-01-15 01:50:50 +0000},
	Doi = {10.1145/1952982.1952990},
	Issn = {1094-9224},
	Issue_Date = {May 2011},
	Journal = {ACM Trans. Inf. Syst. Secur.},
	Keywords = {Authorization logic, CDD, credentials-based authorization},
	Month = jun,
	Number = {1},
	Numpages = {28},
	Pages = {8:1--8:28},
	Publisher = {ACM},
	Title = {{Nexus authorization logic (NAL): Design rationale and applications}},
	Url = {http://doi.acm.org/10.1145/1952982.1952990},
	Volume = {14},
	Year = {2011},
	Bdsk-Url-1 = {http://doi.acm.org/10.1145/1952982.1952990},
	Bdsk-Url-2 = {http://dx.doi.org/10.1145/1952982.1952990}}

@inproceedings{BVT,
	XAddress = {Kiawah Island, SC},
	Author = {Kenneth J. Duda and David R. Cheriton},
	Booktitle = {SOSP '99},
	Date-Added = {2013-01-15 01:47:44 +0000},
	Date-Modified = {2013-01-15 01:49:12 +0000},
	Title = {{Borrowed-virtual-time (BVT) scheduling: supporting latency-sensitive threads in a general-purpose scheduler}},
	XYear = {1999}}

@inproceedings{Nexus,
	XAddress = {Cascais, Portugal},
	Author = {Emin G\"{u}n Sirer and Willem de Bruijn and Patrick Reynolds and Alan Shieh and Kevin Walsh and Dan Williams and Fred B. Schneider},
	Booktitle = {SOSP '11},
	Date-Added = {2013-01-15 01:45:54 +0000},
	Date-Modified = {2013-01-15 01:48:44 +0000},
	Title = {{Logical Attestation: An Authorization Architecture For Trustworthy Computing}},
	XYear = {2011}}

@inproceedings{Katabi:2002,
	XAddress = {Pittsburgh, PA},
	Author = {Dina Katabi and Mark Handley and Charlie Rohrs},
	Booktitle = {SIGCOMM '02},
	Date-Added = {2013-01-15 01:41:18 +0000},
	Date-Modified = {2013-01-15 01:42:18 +0000},
	Title = {{Congestion Control for High Bandwidth-Delay Product Networks}},
	XYear = {2002}}

@inproceedings{Popa:2012,
	XAddress = {Helsinki, Finland},
	Author = {Popa, Lucian and Kumar, Gautam and Chowdhury, Mosharaf and Krishnamurth, Arvind and Ratnasamy, Sylvia and Stoica, Ion},
	Booktitle = {SIGCOMM '12},
	Date-Added = {2013-01-15 01:39:34 +0000},
	Date-Modified = {2013-01-15 01:40:20 +0000},
	Title = {{FairCloud: Sharing The Network In Cloud Computing}},
	XYear = {2012}}

@inproceedings{Chowdhury12coflow,
	XAddress = {Seattle, WA},
	Author = {Mosharaf Chowdhury and Ion Stoica},
	Booktitle = {HotNets '12},
	Date-Added = {2013-01-15 01:38:39 +0000},
	Date-Modified = {2013-01-15 01:39:06 +0000},
	Title = {{Coflow: An Application Layer Abstraction for Cluster Networking}},
	XYear = {2012}}

@inproceedings{OpenTCP,
	XAddress = {Seattle, WA},
	Author = {Monia Ghobadi and Soheil Hassas Yeganeh and Yashar Ganjali},
	Booktitle = {HotNets '12},
	Date-Added = {2013-01-15 01:37:58 +0000},
	Date-Modified = {2013-01-15 01:38:21 +0000},
	Title = {{Rethinking End-to-End Congestion Control in Software-Defined Networks}},
	XYear = {2012}}

@inproceedings{Gember:2012,
	XAddress = {Seattle, WA},
	Author = {Aaron Gember and Prathmesh Prabhu and Zainab Ghadiyali and Aditya Akella},
	Booktitle = {HotNets '12},
	Date-Added = {2013-01-15 01:36:29 +0000},
	Date-Modified = {2013-01-15 01:37:15 +0000},
	Title = {{Towards Software-Defined Middlebox Networking}},
	XYear = {2012}}

@inproceedings{Shieh11netquery,
	XAddress = {Toronto, Canada},
	Author = {Alan Shieh and Emin G\"{u}n Sirer and Fred B. Schneider},
	Booktitle = {SIGCOMM '11},
	Date-Added = {2013-01-15 01:34:12 +0000},
	Date-Modified = {2013-01-15 01:35:51 +0000},
	Title = {{Netquery: A Knowledge Plane For Reasoning About Network Properties}},
	XYear = {2011}}

@article{Lamport:1998,
	Acmid = {279229},
	XAddress = {New York, NY, USA},
	Author = {Lamport, Leslie},
	Doi = {10.1145/279227.279229},
	Issn = {0734-2071},
	Issue_Date = {May 1998},
	Journal = {ACM Trans. Comput. Syst.},
	Keywords = {state machines, three-phase commit, voting},
	Month = may,
	Number = {2},
	Numpages = {37},
	Pages = {133--169},
	Publisher = {ACM},
	Title = {{The Part-Time Parliament}},
	Url = {http://doi.acm.org/10.1145/279227.279229},
	Volume = {16},
	Year = {1998},
	Bdsk-Url-1 = {http://doi.acm.org/10.1145/279227.279229},
	Bdsk-Url-2 = {http://dx.doi.org/10.1145/279227.279229}}

@inproceedings{Hunt:2010,
	XAddress = {{Boston, MA}},
	Author = {Hunt, Patrick and Konar, Mahadev and Junqueira, Flavio P. and Reed, Benjamin},
	Booktitle = {USENIX ATC '10},
	Title = {{ZooKeeper: Wait free coordination for Internet-scale systems}},
	XYear = {2010}}

@inproceedings{Ferguson:2012a,
	XAddress = {San Jose, CA},
	Author = {Ferguson, Andrew D. and Guha, Arjun and Place, Jordan and Fonseca, Rodrigo and Krishnamurthi, Shriram},
	Booktitle = {Hot-ICE '12},
	Title = {{Participatory Networking}},
	Url = {http://www.cs.brown.edu/people/adf/work/HotICE2012-paper.pdf},
	XYear = {2012},
	Bdsk-Url-1 = {http://www.cs.brown.edu/people/adf/work/HotICE2012-paper.pdf}}

@inproceedings{Ferguson:2012b,
	XAddress = {Helsinki, Finland},
	Author = {Ferguson, Andrew D. and Guha, Arjun and Liang, Chen and Fonseca, Rodrigo and Krishnamurthi, Shriram},
	Booktitle = {HotSDN '12},
	Title = {{Hierarchical Policies for Software Defined Networks}},
	Url = {http://www.cs.brown.edu/people/adf/work/HotSDN2012-paper.pdf},
	XYear = {2012},
	Bdsk-Url-1 = {http://www.cs.brown.edu/people/adf/work/HotSDN2012-paper.pdf}}

@inproceedings{Ballani:2011,
	XAddress = {Toronto, Canada},
	Author = {Ballani, Hitesh and Costa, Paolo and Karagiannis, Thomas and Rowstron, Ant},
	Booktitle = {SIGCOMM '11},
	Title = {{Towards predictable datacenter networks}},
	XYear = {2011}}

@inproceedings{Shieh:2011,
	XAddress = {Boston, MA},
	Author = {Shieh, Alan and Kandula, Srikanth and Greenberg, Albert and Kim, Changhoon and Saha, Bikas},
	Booktitle = {NSDI '11},
	Title = {{Sharing the Data Center Network}},
	XYear = {2011}}

@inproceedings{Yang:2005,
	XAddress = {Philadelphia, PA},
	Author = {Yang, Ziaowei and Wetherall, David and Anderson, Tom},
	Booktitle = {SIGCOMM '05},
	Title = {{A DoS-limiting Network Architecture}},
	XYear = {2005}}

@inproceedings{Popa:2011,
	XAddress = {Cambridge, MA},
	Author = {Popa, Lucian and Krishnamurth, Arvind and Ratnasamy, Sylvia and Stoica, Ion},
	Booktitle = {HotNets '11},
	Title = {{FairCloud: Sharing The Network In Cloud Computing}},
	XYear = {2011}}

@inproceedings{Stoica:1997,
	Acmid = {263175},
	XAddress = {Cannes, France},
	Author = {Stoica, Ion and Zhang, Hui and Ng, T. S. Eugene},
	Booktitle = {SIGCOMM '97},
	Date-Added = {2012-01-12 18:00:41 -0500},
	Date-Modified = {2012-01-12 18:01:00 -0500},
	Doi = {http://doi.acm.org/10.1145/263105.263175},
	Isbn = {0-89791-905-X},
	Numpages = {14},
	Title = {A hierarchical fair service curve algorithm for link-sharing, real-time and priority services},
	Url = {http://doi.acm.org/10.1145/263105.263175},
	XYear = {1997},
	Bdsk-Url-1 = {http://doi.acm.org/10.1145/263105.263175}}

@inproceedings{Voellmy:2011,
	XAddress = {Austin, TX},
	Author = {Andreas Voellmy and Paul Hudak},
	Bibsource = {DBLP, http://dblp.uni-trier.de},
	Booktitle = {PADL '11},
	Date-Added = {2012-01-04 18:02:04 -0500},
	Date-Modified = {2012-01-04 18:16:04 -0500},
	Ee = {http://dx.doi.org/10.1007/978-3-642-18378-2_19},
	Title = {{Nettle: Taking the Sting Out of Programming Network Routers}},
	XYear = {2011}}

@article{Greenberg:2005,
	Acmid = {1096541},
	XAddress = {New York, NY},
	Author = {Greenberg, Albert and Hjalmtysson, Gisli and Maltz, David A. and Myers, Andy and Rexford, Jennifer and Xie, Geoffrey and Yan, Hong and Zhan, Jibin and Zhang, Hui},
	Date-Added = {2012-01-04 17:57:37 -0500},
	Date-Modified = {2012-01-04 17:57:47 -0500},
	Doi = {http://doi.acm.org/10.1145/1096536.1096541},
	Issn = {0146-4833},
	Issue = {5},
	Journal = {SIGCOMM CCR},
	Keywords = {control, network management, robustness},
	Numpages = {14},
	Pages = {41--54},
	Title = {{A clean slate 4D approach to network control and management}},
	Url = {http://doi.acm.org/10.1145/1096536.1096541},
	Volume = {35},
	Year = {2005},
	Bdsk-Url-1 = {http://doi.acm.org/10.1145/1096536.1096541}}

@article{Loo:2009,
	Acmid = {1592785},
	XAddress = {New York, NY},
	Author = {Loo, Boon Thau and Condie, Tyson and Garofalakis, Minos and Gay, David E. and Hellerstein, Joseph M. and Maniatis, Petros and Ramakrishnan, Raghu and Roscoe, Timothy and Stoica, Ion},
	Date-Added = {2012-01-04 16:39:09 -0500},
	Date-Modified = {2012-01-04 16:39:19 -0500},
	Doi = {http://doi.acm.org/10.1145/1592761.1592785},
	Issn = {0001-0782},
	Issue = {11},
	Issue_Date = {November 2009},
	Journal = {Commun. ACM},
	Month = nov,
	Numpages = {9},
	Pages = {87--95},
	Title = {Declarative networking},
	Url = {http://doi.acm.org/10.1145/1592761.1592785},
	Volume = {52},
	Year = {2009},
	Bdsk-Url-1 = {http://doi.acm.org/10.1145/1592761.1592785}}

@inproceedings{Wang:2010,
	Acmid = {1851222},
	XAddress = {New Delhi, India},
	Author = {Wang, Guohui and Andersen, David G. and Kaminsky, Michael and Papagiannaki, Konstantina and Ng, T.S. Eugene and Kozuch, Michael and Ryan, Michael},
	Booktitle = {SIGCOMM '10},
	Date-Added = {2012-01-04 16:35:45 -0500},
	Date-Modified = {2012-01-04 16:35:57 -0500},
	Doi = {http://doi.acm.org/10.1145/1851182.1851222},
	Isbn = {978-1-4503-0201-2},
	Keywords = {data center networking, hybrid network, optical circuit switching},
	Numpages = {12},
	Title = {{c-Through: Part-time optics in data centers}},
	Url = {http://doi.acm.org/10.1145/1851182.1851222},
	XYear = {2010},
	Bdsk-Url-1 = {http://doi.acm.org/10.1145/1851182.1851222}}

@inproceedings{Farrington:2010,
	Acmid = {1851223},
	XAddress = {New Delhi, India},
	Author = {Farrington, Nathan and Porter, George and Radhakrishnan, Sivasankar and Bazzaz, Hamid Hajabdolali and Subramanya, Vikram and Fainman, Yeshaiahu and Papen, George and Vahdat, Amin},
	Booktitle = {SIGCOMM '10},
	Date-Added = {2012-01-04 16:35:24 -0500},
	Date-Modified = {2012-01-04 16:35:52 -0500},
	Doi = {http://doi.acm.org/10.1145/1851182.1851223},
	Isbn = {978-1-4503-0201-2},
	Keywords = {data center networks, optical networks},
	Numpages = {12},
	Title = {Helios: a hybrid electrical/optical switch architecture for modular data centers},
	Url = {http://doi.acm.org/10.1145/1851182.1851223},
	XYear = {2010},
	Bdsk-Url-1 = {http://doi.acm.org/10.1145/1851182.1851223}}

@inproceedings{Chowdhury:2011,
	Acmid = {2018448},
	XAddress = {Toronto, ON, Canada},
	Author = {Chowdhury, Mosharaf and Zaharia, Matei and Ma, Justin and Jordan, Michael I. and Stoica, Ion},
	Booktitle = {SIGCOMM '11},
	Date-Added = {2012-01-04 16:01:06 -0500},
	Date-Modified = {2012-01-04 16:01:12 -0500},
	Doi = {http://doi.acm.org/10.1145/2018436.2018448},
	Isbn = {978-1-4503-0797-0},
	Keywords = {data transfer, data-intensive applications, datacenter networks},
	Location = {Toronto, Ontario, Canada},
	Numpages = {12},
	Title = {{Managing data transfers in computer clusters with Orchestra}},
	Url = {http://doi.acm.org/10.1145/2018436.2018448},
	XYear = {2011},
	Bdsk-Url-1 = {http://doi.acm.org/10.1145/2018436.2018448}}

@inproceedings{Tootoonchian:2010,
	Acmid = {1863136},
	XAddress = {Berkeley, CA},
	Author = {Tootoonchian, Amin and Ganjali, Yashar},
	Booktitle = {INM/WREN '10},
	Date-Added = {2012-01-04 15:59:19 -0500},
	Date-Modified = {2012-01-04 15:59:26 -0500},
	Location = {San Jose, CA},
	Numpages = {1},
	Title = {HyperFlow: a distributed control plane for OpenFlow},
	Url = {http://dl.acm.org/citation.cfm?id=1863133.1863136},
	XYear = {2010},
	Bdsk-Url-1 = {http://dl.acm.org/citation.cfm?id=1863133.1863136}}

@inproceedings{curtis11mahout,
	XAddress = {Shanghai, China},
	Author = {Curtis, Andrew R. and Kim, Wonho and Yalagandula, Praveen},
	Booktitle = {IEEE INFOCOM '11},
	Title = {{Mahout: Low-Overhead Datacenter Traffic Management using End-Host-Based Elephant Detection}},
	XYear = {2011}}

@inproceedings{Curtis:2011,
	Acmid = {2018466},
	XAddress = {Toronto, Canada},
	Author = {Curtis, Andrew R. and Mogul, Jeffrey C. and Tourrilhes, Jean and Yalagandula, Praveen and Sharma, Puneet and Banerjee, Sujata},
	Booktitle = {SIGCOMM '11},
	Date-Added = {2012-01-04 15:58:03 -0500},
	Date-Modified = {2012-01-04 15:58:10 -0500},
	Doi = {http://doi.acm.org/10.1145/2018436.2018466},
	Isbn = {978-1-4503-0797-0},
	Keywords = {data center, flow-based networking, switch design},
	Location = {Toronto, Ontario, Canada},
	Numpages = {12},
	Title = {DevoFlow: scaling flow management for high-performance networks},
	Url = {http://doi.acm.org/10.1145/2018436.2018466},
	XYear = {2011},
	Bdsk-Url-1 = {http://doi.acm.org/10.1145/2018436.2018466}}

@inproceedings{Koponen:2010,
	Acmid = {1924968},
	XAddress = {Vancouver, BC, Canada},
	Author = {Koponen, Teemu and Casado, Mart\'{\i}n and Gude, Natasha and Stribling, Jeremy and Poutievski, Leon and Zhu, Min and Ramanathan, Rajiv and Iwata, Yuichiro and Inoue, Hiroaki and Hama, Takayuki and Shenker, Scott},
	Booktitle = {OSDI '10},
	Date-Added = {2012-01-04 15:56:50 -0500},
	Date-Modified = {2012-01-04 15:56:58 -0500},
	Numpages = {6},
	Title = {{Onix: A Distributed Control Platform for Large-scale Production Networks}},
	Url = {http://dl.acm.org/citation.cfm?id=1924943.1924968},
	XYear = {2010},
	Bdsk-Url-1 = {http://dl.acm.org/citation.cfm?id=1924943.1924968}}

@inproceedings{Yu:2010,
	Acmid = {1851224},
	XAddress = {New Delhi, India},
	Author = {Yu, Minlan and Rexford, Jennifer and Freedman, Michael J. and Wang, Jia},
	Booktitle = {SIGCOMM '10},
	Date-Added = {2012-01-04 15:55:07 -0500},
	Date-Modified = {2012-01-04 15:55:14 -0500},
	Doi = {http://doi.acm.org/10.1145/1851182.1851224},
	Isbn = {978-1-4503-0201-2},
	Keywords = {access control, network architecture, openflow, scalability},
	Numpages = {12},
	Title = {Scalable flow-based networking with DIFANE},
	Url = {http://doi.acm.org/10.1145/1851182.1851224},
	XYear = {2010},
	Bdsk-Url-1 = {http://doi.acm.org/10.1145/1851182.1851224}}

@inproceedings{Nayak:2009,
	Acmid = {1592684},
	XAddress = {Barcelona, Spain},
	Author = {Nayak, Ankur Kumar and Reimers, Alex and Feamster, Nick and Clark, Russ},
	Booktitle = {WREN '09},
	Date-Added = {2012-01-04 13:58:43 -0500},
	Date-Modified = {2012-01-04 13:59:14 -0500},
	Doi = {http://doi.acm.org/10.1145/1592681.1592684},
	Isbn = {978-1-60558-443-0},
	Keywords = {access control, enterprise networks, programmable networks},
	Numpages = {8},
	Title = {Resonance: dynamic access control for enterprise networks},
	Url = {http://doi.acm.org/10.1145/1592681.1592684},
	XYear = {2009},
	Bdsk-Url-1 = {http://doi.acm.org/10.1145/1592681.1592684}}

@inproceedings{Roy:2011,
	Acmid = {1966459},
	XAddress = {Salzburg, Austria},
	Author = {Roy, Arjun and Rumble, Stephen M. and Stutsman, Ryan and Levis, Philip and Mazi\`{e}res, David and Zeldovich, Nickolai},
	Booktitle = {EuroSys '11},
	Date-Added = {2012-01-04 13:51:59 -0500},
	Date-Modified = {2012-01-04 13:59:29 -0500},
	Doi = {http://doi.acm.org/10.1145/1966445.1966459},
	Isbn = {978-1-4503-0634-8},
	Keywords = {energy, mobile phones, power management},
	Numpages = {14},
	Title = {{Energy Management in Mobile Devices with the Cinder Operating System}},
	Url = {http://doi.acm.org/10.1145/1966445.1966459},
	XYear = {2011},
	Bdsk-Url-1 = {http://doi.acm.org/10.1145/1966445.1966459}}

@inproceedings{Kim:2010,
	Acmid = {1863134},
	XAddress = {San Jose, CA},
	Author = {Kim, Wonho and Sharma, Puneet and Lee, Jeongkeun and Banerjee, Sujata and Tourrilhes, Jean and Lee, Sung-Ju and Yalagandula, Praveen},
	Booktitle = {INM/WREN '10},
	Date-Added = {2011-01-14 17:24:39 -0500},
	Date-Modified = {2012-01-04 14:01:00 -0500},
	Title = {{Automated and Scalable QoS Control for Network Convergence}},
	Url = {http://portal.acm.org/citation.cfm?id=1863133.1863134},
	XYear = {2010},
	Bdsk-Url-1 = {http://portal.acm.org/citation.cfm?id=1863133.1863134}}

@inproceedings{Sherwood:2010,
	XAddress = {Vancouver, BC, Canada},
	Author = {Rob Sherwood and Glen Gibb and Kok-Kiong Yap and Guido Appenzeller and Mart\'{\i}n Casado and Nick McKeown and Guru Parulkar},
	Booktitle = {OSDI '10},
	Date-Added = {2011-01-14 17:20:32 -0500},
	Date-Modified = {2012-01-04 14:02:21 -0500},
	Title = {{Can the Production Network Be the Testbed?}},
	XYear = {2010}}

@inproceedings{Hindman:2011,
	XAddress = {Boston, MA},
	Author = {Benjamin Hindman and Andy Konwinski and Matei Zaharia and Ali Ghodsi and Anthony D. Joseph and Randy Katz and Scott Shenker and Ion Stoica},
	Booktitle = {NSDI '11},
	Date-Added = {2011-01-14 15:44:07 -0500},
	Date-Modified = {2012-01-04 14:02:08 -0500},
	Title = {{Mesos: A Platform for Fine-Grained Resource Sharing in the Data Center}},
	XYear = {2011}}

@inproceedings{Nelson:2014flowlog,
  XAddress = {Seattle, WA},
  Author = {Timothy Nelson and Andrew D. Ferguson and Michael J. G. Scheer and Shriram Krishnamurthi},
  Booktitle = {NSDI '14},
  Title = {{Tierless Programming and Reasoning for Software-Defined Networks}},
  XYear = {2014}}

@inproceedings{Feamster:2005,
	Acmid = {1251207},
	XAddress = {Boston, MA},
	Author = {Feamster, Nick and Balakrishnan, Hari},
	Booktitle = {NSDI '05},
	Date-Added = {2011-01-14 15:35:58 -0500},
	Date-Modified = {2012-01-04 14:00:14 -0500},
	Numpages = {14},
	Title = {{Detecting BGP configuration faults with static analysis}},
	Url = {http://portal.acm.org/citation.cfm?id=1251203.1251207},
	XYear = {2005},
	Bdsk-Url-1 = {http://portal.acm.org/citation.cfm?id=1251203.1251207}}

@article{Dean:2008,
	XAddress = {New York, NY},
	Author = {Dean, Jeffrey and Ghemawat, Sanjay},
	Date-Added = {2011-01-14 15:34:52 -0500},
	Date-Modified = {2012-01-04 14:01:12 -0500},
	Doi = {http://doi.acm.org/10.1145/1327452.1327492},
	Issn = {0001-0782},
	Journal = {Commun. ACM},
	Number = {1},
	Pages = {107--113},
	Title = {{MapReduce: Simplified data processing on large clusters}},
	Volume = {51},
	Year = {2008},
	Bdsk-Url-1 = {http://doi.acm.org/10.1145/1327452.1327492}}

@inproceedings{Foster:2010,
	Acmid = {1921160},
	XAddress = {Philadelphia, PA},
	Articleno = {6},
	Author = {Foster, Nate and Freedman, Michael J. and Harrison, Rob and Rexford, Jennifer and Meola, Matthew L. and Walker, David},
	Booktitle = {PRESTO '10},
	Date-Added = {2011-01-14 15:28:22 -0500},
	Date-Modified = {2012-01-04 14:00:33 -0500},
	Doi = {http://doi.acm.org/10.1145/1921151.1921160},
	Isbn = {978-1-4503-0467-2},
	Numpages = {6},
	Title = {{Frenetic: A High-Level Language for OpenFlow Networks}},
	Url = {http://doi.acm.org/10.1145/1921151.1921160},
	XYear = {2010},
	Bdsk-Url-1 = {http://doi.acm.org/10.1145/1921151.1921160}}

@article{Casado:2009,
	Acmid = {1618582},
	XAddress = {Piscataway, NJ},
	Author = {Casado, Mart\'{\i}n and Freedman, Michael J. and Pettit, Justin and Luo, Jianying and Gude, Natasha and McKeown, Nick and Shenker, Scott},
	Date-Added = {2011-01-14 15:27:32 -0500},
	Date-Modified = {2012-01-04 14:01:29 -0500},
	Doi = {http://dx.doi.org/10.1109/TNET.2009.2026415},
	Issn = {1063-6692},
	Issue = {4},
	Journal = {IEEE/ACM Trans. Netw.},
	Keywords = {architecture, management, network, security},
	Month = {August},
	Numpages = {14},
	Pages = {1270--1283},
	Title = {Rethinking enterprise network control},
	Url = {http://dx.doi.org/10.1109/TNET.2009.2026415},
	Volume = {17},
	Year = {2009},
	Bdsk-Url-1 = {http://dx.doi.org/10.1109/TNET.2009.2026415}}

@inproceedings{Hinrichs:2009,
	Acmid = {1592683},
	XAddress = {Barcelona, Spain},
	Author = {Hinrichs, Timothy L. and Gude, Natasha S. and Casado, Mart\'{\i}n and Mitchell, John C. and Shenker, Scott},
	Booktitle = {WREN '09},
	Date-Added = {2011-01-14 15:27:05 -0500},
	Date-Modified = {2012-01-04 14:00:55 -0500},
	Doi = {http://doi.acm.org/10.1145/1592681.1592683},
	Isbn = {978-1-60558-443-0},
	Keywords = {network, performance, policy, security},
	Numpages = {10},
	Title = {{Practical Declarative Network Management}},
	Url = {http://doi.acm.org/10.1145/1592681.1592683},
	XYear = {2009},
	Bdsk-Url-1 = {http://doi.acm.org/10.1145/1592681.1592683}}

@article{Gude:2008,
	Acmid = {1384625},
	XAddress = {New York, NY},
	Author = {Gude, Natasha and Koponen, Teemu and Pettit, Justin and Pfaff, Ben and Casado, Mart\'{\i}n and McKeown, Nick and Shenker, Scott},
	Date-Added = {2011-01-14 15:26:33 -0500},
	Date-Modified = {2012-01-04 14:01:40 -0500},
	Doi = {http://doi.acm.org/10.1145/1384609.1384625},
	Issn = {0146-4833},
	Issue = {3},
	Journal = {SIGCOMM CCR},
	Keywords = {architecture, management, network, security},
	Month = {July},
	Numpages = {6},
	Pages = {105--110},
	Title = {{NOX: Towards an Operating System for Networks}},
	Url = {http://doi.acm.org/10.1145/1384609.1384625},
	Volume = {38},
	Year = {2008},
	Bdsk-Url-1 = {http://doi.acm.org/10.1145/1384609.1384625}}

@article{McKeown:2008,
	Acmid = {1355746},
	XAddress = {New York, NY},
	Author = {McKeown, Nick and Anderson, Tom and Balakrishnan, Hari and Parulkar, Guru and Peterson, Larry and Rexford, Jennifer and Shenker, Scott and Turner, Jonathan},
	Date-Added = {2011-01-14 15:26:17 -0500},
	Date-Modified = {2012-01-04 14:01:48 -0500},
	Doi = {http://doi.acm.org/10.1145/1355734.1355746},
	Issn = {0146-4833},
	Issue = {2},
	Journal = {SIGCOMM CCR},
	Keywords = {ethernet switch, flow-based, virtualization},
	Numpages = {6},
	Pages = {69--74},
	Title = {{OpenFlow: Enabling Innovation in Campus Networks}},
	Url = {http://doi.acm.org/10.1145/1355734.1355746},
	Volume = {38},
	Year = {2008},
	Bdsk-Url-1 = {http://doi.acm.org/10.1145/1355734.1355746}}

@inproceedings{wilson11d3,
	XAddress = {Toronto, Canada},
	Author = {Wilson, Christo and Ballani, Hitesh and Karagiannis, Thomas and Rowstron, Ant},
	Booktitle = {SIGCOMM '11},
	Title = {Better never than late: meeting deadlines in datacenter networks},
	XYear = {2011}}

@inproceedings{naous09ident++,
	XAddress = {Barcelona, Spain},
	Author = {Jad Naous and Ryan Stutsman and David Mazi{\`e}res and Nick McKeown and Nickolai Zeldovich},
	Booktitle = {WREN '09},
	Title = {Enabling Delegation with More Information},
	XYear = {2009}}

@inproceedings{reitblatt12consistent,
	XAddress = {Helsinki, Finland},
	Author = {Mark Reitblatt and Nate Foster and Jennifer Rexford and Cole Schlesinger and David Walker},
	Booktitle = {SIGCOMM '12},
	Date-Modified = {2013-01-12 23:43:07 +0000},
	Title = {Abstractions for Network Update},
	XYear = {2012}}

@inproceedings{alfares10hedera,
	XAddress = {San Jose, CA},
	Author = {Al-Fares, M. and Radhakrishnan, S. and Raghavan, B. and Huang, N. and Vahdat, A.},
	Booktitle = {NSDI '10},
	Title = {Hedera: Dynamic Flow Scheduling for Data Center Networks},
	XYear = {2010}}

@inproceedings{bazzaz11hybrid,
	XAddress = {Cascais, Portugal},
	Author = {Hamid Bazzaz and Malveeka Tewari and Guohui Wang and George Porter and T. S. Eugene Ng and David Anderson and Michael Kaminsky and Michael Kozuch and Amin Vahdat},
	Booktitle = {SOCC '11},
	Title = {Switching the Optical Divide: Fundamental Challenges for Hybrid Electrical/Optical Datacenter Networks},
	XYear = {2011}}

@article{harchol03size,
	Author = {Harchol-Balter, Mor and Schroeder, Bianca and Bansal, Nikhil and Agrawal, Mukesh},
	Journal = {ACM Trans. Comput. Syst.},
	Month = {May},
	Pages = {207--233},
	Title = {Size-based scheduling to improve web performance},
	Volume = {21},
	Year = {2003}}

@inproceedings{wang11wild,
	XAddress = {Boston, MA},
	Author = {Wang, Richard and Butnariu, Dana and Rexford, Jennifer},
	Booktitle = {Hot-ICE '11},
	Title = {{OpenFlow-based server load balancing gone wild}},
	XYear = {2011}}

@misc{rfc2475,
	Author = {S. Blake and D. Black and M. Carlson and E. Davies and Z. Wang and W. Weiss},
	Howpublished = {RFC 2475},
	Month = dec,
	Number = {2475},
	Organization = {Internet Engineering Task Force},
	Publisher = {IETF},
	Series = {Request for Comments},
	Title = {{An Architecture for Differentiated Service}},
	Url = {http://www.ietf.org/rfc/rfc2475.txt},
	Year = 1998,
	Bdsk-Url-1 = {http://www.ietf.org/rfc/rfc2475.txt}}

@misc{rfc1633,
	Author = {R. Braden and D. Clark and S. Shenker},
	Howpublished = {RFC 1633},
	Month = jun,
	Number = {1633},
	Organization = {Internet Engineering Task Force},
	Publisher = {IETF},
	Series = {Request for Comments},
	Title = {{Integrated Services in the Internet Architecture: an Overview}},
	Url = {http://www.ietf.org/rfc/rfc1633.txt},
	Year = 1994,
	Bdsk-Url-1 = {http://www.ietf.org/rfc/rfc1633.txt}}

@misc{rfc2205,
	Author = {R. Braden and L. Zhang and S. Berson and S. Herzog and S. Jamin},
	Howpublished = {RFC 2205},
	Month = sep,
	Number = {2205},
	Organization = {Internet Engineering Task Force},
	Publisher = {IETF},
	Series = {Request for Comments},
	Title = {{Resource ReSerVation Protocol (RSVP)}},
	Url = {http://www.ietf.org/rfc/rfc2205.txt},
	Year = 1997,
	Bdsk-Url-1 = {http://www.ietf.org/rfc/rfc2205.txt}}

@misc{rfc4080,
	Author = {R. Hancock and G. Karagiannis and J. Loughney and S. Van den Bosch },
	Howpublished = {RFC 4080},
	Month = jun,
	Number = {4080},
	Organization = {Internet Engineering Task Force},
	Publisher = {IETF},
	Series = {Request for Comments},
	Title = {{Next Steps in Signaling (NSIS): Framework}},
	Url = {http://www.ietf.org/rfc/rfc4080.txt},
	Year = 2005,
	Bdsk-Url-1 = {http://www.ietf.org/rfc/rfc4080.txt}}

@misc{rfc5974,
	Author = {J. Manner and G. Karagiannis and A. McDonald},
	Howpublished = {RFC 5974},
	Month = oct,
	Number = {5974},
	Organization = {Internet Engineering Task Force},
	Publisher = {IETF},
	Series = {Request for Comments},
	Title = {{NSIS Signaling Layer Protocol (NSLP) for Quality-of-Service Signaling}},
	Url = {http://www.ietf.org/rfc/rfc5974.txt},
	Year = 2010,
	Bdsk-Url-1 = {http://www.ietf.org/rfc/rfc5974.txt}}

@misc{githubOutage,
    Howpublished = {\url{https://github.com/blog/1346-network-problems-last-friday}},
    key = {github}
}

@misc{awsOutage,
    Howpublished = {\url{https://aws.amazon.com/message/65648/}},
    key = {amazon}
}
@misc{cgroups,
	Howpublished = {\url{http://www.kernel.org/doc/Documentation/cgroups/cgroups.txt}},
	Key = {cgroups}
}

@misc{upnp,
	Howpublished = {UPnP Forum.},
	Key = {upnp},
	Month = {Oct.},
	Title = {{UPnP Device Architecture version 1.1}},
	Year = {2008}}

@inproceedings{Erickson:2008,
	XAddress = {Seattle, WA},
	Author = {{D. Erickson, et al.}},
	Booktitle = {SIGCOMM '08 (Demo)},
	Title = {{A demonstration of virtual machine mobility in an OpenFlow network}}}

@inproceedings{kandoo,
  Author = {{Soheil Hassas Yeganeh and Yashar Ganjali}},
  Booktitle = {HotSDN '12},
  Title = {{Kandoo: A Framework for Efﬁcient and Scalable Ofﬂoading of Control Applications}}}

@inproceedings{logical_xbars,
  Author = {{James McCauley and Aurojit Panda and Mart\'{\i}n Casado and Teemu Koponen and Scott Shenker}},
  Booktitle = {ONS '13},
  Title = {{Extending SDN to Large-Scale Networks}}}

@inproceedings{packet_history,
  Author = {{Nikhil Handigol and Brandon Heller and Vimalkumar Jeyakumar and David Mazieres and Nick McKeown}},
  Booktitle = {NSDI '14},
  Title = {{I Know What Your Packet Did Last Hop: Using Packet Histories to Troubleshoot Networks}}}

@inproceedings{ofrewind,
  Author = {{Andreas Wundsam and Dan Levin and Srini Seetharaman and Anja Feldman}},
  Booktitle = {Usenix ATC '11},
  Title = {{OFRewind: Enabling Record and Replay Troubleshooting for Networks}}}

@inproceedings{Mahajan2013,
  Author = {{Ratul Mahajan and Roger Wattenhofer}},
  Booktitle = {HotNets '13},
  Title = {{On Consistent Updates in Software Defined Networks}}}

@inproceedings{of.cpp,
  Author = {{Peter Peresini and Maciej Kuzniar and Nedeljko Vasic and Marco Canini and Dejan Kostic}},
  Booktitle = {HotSDN '13},
  Title = {{OF.CPP: Consistent Packet Processing for OpenFlow}}}

@inproceedings{sdn-transactions,
  Author = {{Marco Canini and Petr Kuznetsov and Dan Levin and Stefan Schmid}},
  Booktitle = {HotSDN '13},
  Title = {{Software Transactional Networking: Concurrent and Consistent Policy Composition}}}

@inproceedings{FRESCO,
  Author = {{Seungwon Shin and Phil Porras and Vinod Yagneswaran and Martin Fong and Guofei Gu and Mabry Tyson}},
  Booktitle = {NDSS '13},
  Title = {{FRESCO: Modular Composable Security Services for Software-Defined Networks}}}

@inproceedings{FortNox,
  Author = {{Phillip Porras and Seungwon Shin and Vinod Yegneswaran and Martin Fong and Mabry Tyson and Guofei Gu}},
  Booktitle = {HotSDN '12},
  Title = {{A Security Enforcement Kernel for OpenFlow Networks}}}

@techreport{cacheflow,
	Author = {Naga Katta and Jennifer Rexford and David Walker},
	Institution = {Department of Computer Science, Princeton University},
	Month = {October},
  Title = {{Infinite CacheFlow in Software-Defined Networks}},
	Number = {TR-966-13},
	Year = {2013}}

@inproceedings{elastictree,
  Author = {{Brandon Heller and Srini Seetharaman and Priya Mahadevan and Yannis Yakoumis and Puneet Sharma and Sujata Banerjee and Nick McKeown}},
  Booktitle = {NSDI '10},
  Title = {{ElasticTree: Saving Energy in Data Center Networks}}}

@misc{coq,
	Author = {{The Coq Development Team}},
	Howpublished = {\url{http://coq.inria.fr/}},
	Institution = {{INRIA}},
	Key = {Coq Development Team},
	Title = {The {Coq} Proof Assistant Reference Manual -- Version 8.3},
	Year = 2011}

@misc{gm:xacml-1.1,
	Author = {Simon Godik and Tim Moses (editors)},
	Day = 7,
	Month = aug,
	Title = {{eXtensible Access Control Markup Language}, Version 1.1},
	Year = 2003}
